@book{KidaYanase,
	Author = {木田・柳瀬},
	Publisher = {朝倉書店},
	Title = {乱流力学},
	Year = {2000},
	Sortname = {Kida}}
@book{Kajishima,
	Author = {梶島},
	Publisher = {養賢堂},
	Title = {乱流の数値シミュレーション},
	Year = {2014},
	Sortname = {Kajishima}}
@book{Chiba,
	Author = {千葉},
	Publisher = {プレアデス出版},
	Title = {工学部で学ぶ数学},
	Year = {2011},
	Sortname = {Chiba}}
